@article{guay2013line,
  title={The line of action: an intuitive interface for expressive character posing},
  author={Guay, Martin and Cani, Marie-Paule and Ronfard, R{\'e}mi},
  journal={ACM Transactions on Graphics (TOG)},
  volume={32},
  number={6},
  pages={205},
  year={2013},
  publisher={ACM}
}

@inproceedings{guay2015adding,
  title={Adding dynamics to sketch-based character animations},
  author={Guay, Martin and Ronfard, R{\'e}mi and Gleicher, Michael and Cani, Marie-Paule},
  booktitle={Proceedings of the workshop on Sketch-Based Interfaces and Modeling},
  pages={27--34},
  year={2015},
  organization={Eurographics Association}
}

@article{guay2015space,
  title={Space-time sketching of character animation},
  author={Guay, Martin and Ronfard, R{\'e}mi and Gleicher, Michael and Cani, Marie-Paule},
  journal={ACM Transactions on Graphics (TOG)},
  volume={34},
  number={4},
  pages={118},
  year={2015},
  publisher={ACM}
}

@article{mahmudi2016artist,
  title={Artist-oriented 3D character posing from 2D strokes},
  author={Mahmudi, Mentar and Harish, Pawan and Le Callennec, Beno{\^\i}t and Boulic, Ronan},
  journal={Computers \& Graphics},
  volume={57},
  pages={81--91},
  year={2016},
  publisher={Elsevier}
}

@inproceedings{stelzleni2015sketch,
  title={Sketch to pose in Pixar's presto animation system},
  author={Stelzleni, Ryan and Parker, Bret and Hahn, Tom and Shen, Sarah and McGarry, Dan and Shen, Chen},
  booktitle={ACM SIGGRAPH 2015 Talks},
  pages={26},
  year={2015},
  organization={ACM}
}

@inproceedings{yin2003footsee,
  title={Footsee: an interactive animation system},
  author={Yin, KangKang and Pai, Dinesh K},
  booktitle={Proceedings of the 2003 ACM SIGGRAPH/Eurographics symposium on Computer animation},
  pages={329--338},
  year={2003},
  organization={Eurographics Association}
}

@inproceedings{kovar2002footskate,
  title={Footskate cleanup for motion capture editing},
  author={Kovar, Lucas and Schreiner, John and Gleicher, Michael},
  booktitle={Proceedings of the 2002 ACM SIGGRAPH/Eurographics symposium on Computer animation},
  pages={97--104},
  year={2002},
  organization={ACM}
}

@article{choi2016sketchimo,
  title={SketchiMo: sketch-based motion editing for articulated characters},
  author={Choi, Byungkuk and Lewis, JP and Seol, Yeongho and Hong, Seokpyo and Eom, Haegwang and Jung, Sunjin and Noh, Junyong and others},
  journal={ACM Transactions on Graphics (TOG)},
  volume={35},
  number={4},
  pages={146},
  year={2016},
  publisher={ACM}
}

@inproceedings{gleicher1998retargetting,
  title={Retargetting motion to new characters},
  author={Gleicher, Michael},
  booktitle={Proceedings of the 25th annual conference on Computer graphics and interactive techniques},
  pages={33--42},
  year={1998},
  organization={ACM}
}

@inproceedings{monzani2000using,
  title={Using an intermediate skeleton and inverse kinematics for motion retargeting},
  author={Monzani, Jean-S{\'e}bastien and Baerlocher, Paolo and Boulic, Ronan and Thalmann, Daniel},
  booktitle={Computer Graphics Forum},
  volume={19},
  number={3},
  pages={11--19},
  year={2000},
  organization={Wiley Online Library}
}

@inproceedings{kovar2002motion,
  title={Motion graphs},
  author={Kovar, Lucas and Gleicher, Michael and Pighin, Fr{\'e}d{\'e}ric},
  booktitle={ACM transactions on graphics (TOG)},
  volume={21},
  number={3},
  pages={473--482},
  year={2002},
  organization={ACM}
}

@inproceedings{grochow2004style,
  title={Style-based inverse kinematics},
  author={Grochow, Keith and Martin, Steven L and Hertzmann, Aaron and Popovi{\'c}, Zoran},
  booktitle={ACM transactions on graphics (TOG)},
  volume={23},
  number={3},
  pages={522--531},
  year={2004},
  organization={ACM}
}

@article{gascuel1994displacement,
  title={Displacement constraints for interactive modeling and animation of articulated structures},
  author={Gascuel, Jean-Dominique and Gascuel, Marie-Paule},
  journal={The Visual Computer},
  volume={10},
  number={4},
  pages={191--204},
  year={1994},
  publisher={Springer}
}

@article{tang1999constrained,
  title={A constrained inverse kinematics technique for real-time motion capture animation},
  author={Tang, Wen and Cavazza, Marc and Mountain, Dale and Earnshaw, Rae},
  journal={The Visual Computer},
  volume={15},
  number={7},
  pages={413--425},
  year={1999},
  publisher={Springer}
}

@inproceedings{shiratori2006dancing,
  title={Dancing-to-Music Character Animation},
  author={Shiratori, Takaaki and Nakazawa, Atsushi and Ikeuchi, Katsushi},
  booktitle={Computer Graphics Forum},
  volume={25},
  number={3},
  pages={449--458},
  year={2006},
  organization={Wiley Online Library}
}

@inproceedings{shiratori2006synthesizing,
  title={Synthesizing dance performance using musical and motion features},
  author={Shiratori, Takaaki and Nakazawa, Atsushi and Ikeuchi, Katsushi},
  booktitle={Robotics and Automation, 2006. ICRA 2006. Proceedings 2006 IEEE International Conference on},
  pages={3654--3659},
  year={2006},
  organization={IEEE}
}

@article{nakata2002analysis,
  title={Analysis of impression of robot bodily expression},
  author={Nakata, Toru and Mori, Taketoshi and Sato, Tomomasa},
  journal={Journal of Robotics and Mechatronics},
  volume={14},
  number={1},
  pages={27--36},
  year={2002},
  publisher={FUJI TECHNOLOGY PRESS LTD.}
}

@inproceedings{wei2016convolutional,
  title={Convolutional pose machines},
  author={Wei, Shih-En and Ramakrishna, Varun and Kanade, Takeo and Sheikh, Yaser},
  booktitle={Proceedings of the IEEE Conference on Computer Vision and Pattern Recognition},
  pages={4724--4732},
  year={2016}
}

@article{johnson1975finding,
  title={Finding all the elementary circuits of a directed graph},
  author={Johnson, Donald B},
  journal={SIAM Journal on Computing},
  volume={4},
  number={1},
  pages={77--84},
  year={1975},
  publisher={SIAM}
}

@article{weinblatt1972new,
  title={A new search algorithm for finding the simple cycles of a finite directed graph},
  author={Weinblatt, Herbert},
  journal={Journal of the ACM (JACM)},
  volume={19},
  number={1},
  pages={43--56},
  year={1972},
  publisher={ACM}
}

@inproceedings{alalgorithm,
  title={An Algorithm for Combining Graphs Based on Shared Knowledge},
  author={Al-Mubaid, Hisham and Bettayeb, Said},
  booktitle={Proceedings of BICOB 2012 International Conference on Bioinformatics and Computational Biology},
  pages={137--142},
  year={2012}
}

@article{luenberger1970conjugate,
  title={The conjugate residual method for constrained minimization problems},
  author={Luenberger, David G},
  journal={SIAM Journal on Numerical Analysis},
  volume={7},
  number={3},
  pages={390--398},
  year={1970},
  publisher={SIAM}
}

@inproceedings{dariush2010constrained,
  title={Constrained closed loop inverse kinematics},
  author={Dariush, Behzad and Zhu, Youding and Arumbakkam, Arjun and Fujimura, Kikuo},
  booktitle={Robotics and Automation (ICRA), 2010 IEEE International Conference on},
  pages={2499--2506},
  year={2010},
  organization={IEEE}
}

@book{sutton1979sutton,
  title={Sutton Movement Shorthand: Writing Tool for the Dance},
  author={Sutton, Valerie},
  year={1979},
  publisher={Movement Shorthand Society Press}
}

@book{causley1980introduction,
  title={An Introduction to Benesh: Movement Notation},
  author={Causley, Marguerite},
  year={1980},
  publisher={Ayer Company Pub}
}

@book{thebandwagon1953,
title={The Band Wagon},
author={Vincente Minnelli},
place={USA}, 
publisher={Metro-Goldwyn-Mayer (MGM)}, 
year={1953}
}

@article{hecker2008real,
  title={Real-time motion retargeting to highly varied user-created morphologies},
  author={Hecker, Chris and Raabe, Bernd and Enslow, Ryan W and DeWeese, John and Maynard, Jordan and van Prooijen, Kees},
  journal={ACM Transactions on Graphics (TOG)},
  volume={27},
  number={3},
  pages={27},
  year={2008},
  publisher={ACM}
}

@article{wang1991combined,
  title={A combined optimization method for solving the inverse kinematics problems of mechanical manipulators},
  author={Wang, L-CT and Chen, Chih-Cheng},
  journal={IEEE Transactions on Robotics and Automation},
  volume={7},
  number={4},
  pages={489--499},
  year={1991},
  publisher={IEEE}
}

@inproceedings{matthews2011procedural,
  title={Procedural generation of Cuban dance motion},
  author={Matthews, Elizabeth A and Matthews, Geoffrey B},
  booktitle={Computer Games (CGAMES), 2011 16th International Conference on},
  pages={293--297},
  year={2011},
  organization={IEEE}
}

@article{calvert2005applications,
  title={Applications of computers to dance},
  author={Calvert, Tom and Wilke, W and Ryman, Rhonda and Fox, Ilene},
  journal={IEEE computer Graphics and Applications},
  volume={25},
  number={2},
  pages={6--12},
  year={2005},
  publisher={IEEE}
}

@inproceedings{shum2007simulating,
  title={Simulating competitive interactions using singly captured motions},
  author={Shum, Hubert PH and Komura, Taku and Yamazaki, Shuntaro},
  booktitle={Proceedings of the 2007 ACM symposium on Virtual reality software and technology},
  pages={65--72},
  year={2007},
  organization={ACM}
}

@inproceedings{ho2014multi,
  title={A multi-resolution approach for adapting close character interaction},
  author={Ho, Edmond SL and Wang, He and Komura, Taku},
  booktitle={Proceedings of the 20th ACM Symposium on Virtual Reality Software and Technology},
  pages={97--106},
  year={2014},
  organization={ACM}
}

@inproceedings{hodgins1995animating,
  title={Animating human athletics},
  author={Hodgins, Jessica K and Wooten, Wayne L and Brogan, David C and O'Brien, James F},
  booktitle={Proceedings of the 22nd annual conference on Computer graphics and interactive techniques},
  pages={71--78},
  year={1995},
  organization={ACM}
}

@inproceedings{van1997footprints,
  title={From footprints to animation},
  author={Van De Panne, Michiel},
  booktitle={Computer Graphics Forum},
  volume={16},
  number={4},
  pages={211--223},
  year={1997},
  organization={Wiley Online Library}
}

@Misc{maya,
author={Autodesk},
title={Maya},
howpublished={\url{https://www.autodesk.fr/products/maya/overview}},
year={2017}
}

@Misc{blender,
author={Blender Foundation},
title={Blender},
howpublished={\url{https://www.blender.org/}},
year={2006--2017}
}