@Misc{lineofaction,
    title = {Line of Action!},
    author = {Juan M.},
    year = {2012},
    note = {Online},
    url = {\url{http://monsterblues.blogspot.fr/2012/03/line-of-action.html}}
}

@Misc{labanotation,
    author = {Merle erl Idris Ghyssaert},
    title = {about labanotation: determination of position},
    note = {Online},
    url = {\url{http://www.studiopulto.org/English/Introduction-labanotation-position-detemination.html}}
}

@Misc{loadrawing,
    title = {Line of Action},
    author = {Matt Jones},
    year = {2011},
    note = {Online},
    url = {\url{http://mattjonezanimation.blogspot.fr/2011/09/line-of-action.html}}
}

@Misc{dancemovies,
    title = {15 Unforgettable Disney Dance Scenes!},
    author = {Liz Cerezo},
    year = {2013},
    note = {Online},
    url = {\url{https://www.babble.com/disney/15-unforgettable-disney-dance-scenes/}}
}